<record><leader>00000cas a22000007a 4500</leader><controlfield tag="001">18386957</controlfield><controlfield tag="008">880822d19741986ohuwr ne      0    0eng d</controlfield><datafield ind1=" " ind2=" " tag="010"><subfield code="a">sn 88077760 </subfield></datafield><datafield ind1=" " ind2=" " tag="040"><subfield code="a">ONP</subfield><subfield code="b">eng</subfield><subfield code="c">ONP</subfield><subfield code="d">OCLCQ</subfield></datafield><datafield ind1=" " ind2=" " tag="042"><subfield code="a">msc</subfield></datafield><datafield ind1="0" ind2=" " tag="130"><subfield code="a">News (Northland ed.)</subfield></datafield><datafield ind1="1" ind2="4" tag="245"><subfield code="a">The News.</subfield></datafield><datafield ind1=" " ind2=" " tag="250"><subfield code="a">Northland ed.</subfield></datafield><datafield ind1=" " ind2=" " tag="260"><subfield code="a">Columbus, Ohio :</subfield><subfield code="b">Linden News Pub. Co.,</subfield><subfield code="c">-1986.</subfield></datafield><datafield ind1=" " ind2=" " tag="300"><subfield code="a">v.</subfield></datafield><datafield ind1=" " ind2=" " tag="310"><subfield code="a">Weekly</subfield></datafield><datafield ind1="1" ind2=" " tag="362"><subfield code="a">Began in 1974.</subfield></datafield><datafield ind1="0" ind2=" " tag="362"><subfield code="a">-v. 14, no. 1 (Feb. 19, 1986).</subfield></datafield><datafield ind1=" " ind2=" " tag="588"><subfield code="a">Description based on: 3rd year, no. 30 (Sept. 11, 1974).</subfield></datafield><datafield ind1=" " ind2=" " tag="752"><subfield code="a">United States</subfield><subfield code="b">Ohio</subfield><subfield code="c">Franklin</subfield><subfield code="d">Columbus.</subfield></datafield><datafield ind1="0" ind2="0" tag="780"><subfield code="t">Northland news (Columbus, Ohio : 1971)</subfield><subfield code="w">(DLC)sn 88077759</subfield></datafield><datafield ind1="0" ind2="0" tag="785"><subfield code="t">Northland news Columbus, Ohio : 1986)</subfield><subfield code="w">(DLC)sn 91074592</subfield></datafield></record>